<?xml version="1.0" encoding="UTF-8"?><collection xmlns="http://www.loc.gov/MARC21/slim"><record><leader>00282nam--2200121-i-4500</leader><controlfield tag="001">000016582</controlfield><controlfield tag="002">20161230</controlfield><controlfield tag="005">20161230201031</controlfield><controlfield tag="008">060222s1000------------r-----000-0-eng-d</controlfield><datafield ind1=" " ind2=" " tag="100"><subfield code="a">Dima, Teodor</subfield></datafield><datafield ind1=" " ind2=" " tag="245"><subfield code="a">Metodele inductive</subfield></datafield><datafield ind1=" " ind2=" " tag="260"><subfield code="a">Bucuresti, Ed.Stiintifica, 1985</subfield></datafield><datafield ind1=" " ind2=" " tag="490"><subfield code="a">148p</subfield></datafield></record></collection>